<record><leader>00000cas a22000007a 4500</leader><controlfield tag="001">17802309</controlfield><controlfield tag="008">880418d19831984txuwr ne      0    0eng d</controlfield><datafield ind1=" " ind2=" " tag="010"><subfield code="a">sn 88083350 </subfield></datafield><datafield ind1=" " ind2=" " tag="040"><subfield code="a">PPM</subfield><subfield code="b">eng</subfield><subfield code="c">PPM</subfield><subfield code="d">OCLCQ</subfield></datafield><datafield ind1=" " ind2=" " tag="042"><subfield code="a">msc</subfield></datafield><datafield ind1="0" ind2="4" tag="245"><subfield code="a">The Rio Vista eagle.</subfield></datafield><datafield ind1=" " ind2=" " tag="260"><subfield code="a">Rio Vista, Tex. :</subfield><subfield code="b">Eagle Pub. Co.,</subfield><subfield code="c">1983-1984.</subfield></datafield><datafield ind1=" " ind2=" " tag="310"><subfield code="a">Weekly</subfield></datafield><datafield ind1="0" ind2=" " tag="362"><subfield code="a">Vol. 1, no. 1 (Mar. 24, 1983)-v. 2, no. 22 (May 31, 1984).</subfield></datafield><datafield ind1=" " ind2=" " tag="752"><subfield code="a">United States</subfield><subfield code="b">Texas</subfield><subfield code="c">Johnson</subfield><subfield code="d">Rio Vista.</subfield></datafield><datafield ind1="0" ind2="0" tag="785"><subfield code="t">Rio Vista eagle &amp; Triangle news</subfield></datafield></record>